<record><leader>00000cas a2200000 a 4500</leader><controlfield tag="001">12092205</controlfield><controlfield tag="008">850529d18771961ksuwr ne      0    0eng d</controlfield><datafield ind1=" " ind2=" " tag="010"><subfield code="a">sn 85030336 </subfield></datafield><datafield ind1=" " ind2=" " tag="040"><subfield code="a">KSH</subfield><subfield code="b">eng</subfield><subfield code="c">KSH</subfield><subfield code="d">NPT</subfield><subfield code="d">OCL</subfield><subfield code="d">OCLCQ</subfield></datafield><datafield ind1=" " ind2=" " tag="042"><subfield code="a">msc</subfield></datafield><datafield ind1="0" ind2="4" tag="245"><subfield code="a">The Beloit gazette.</subfield></datafield><datafield ind1="1" ind2="3" tag="246"><subfield code="a">Weekly gazette</subfield><subfield code="f">Mar. 9-Aug. 31, 1878</subfield></datafield><datafield ind1="1" ind2="3" tag="246"><subfield code="a">Semi-weekly gazette</subfield><subfield code="f">Apr. 28-Sept. 18, 1896</subfield></datafield><datafield ind1=" " ind2=" " tag="260"><subfield code="a">Beloit, Kan. :</subfield><subfield code="b">George W. Anderson,</subfield><subfield code="c">1877-1961.</subfield></datafield><datafield ind1=" " ind2=" " tag="300"><subfield code="a">85 v. :</subfield><subfield code="b">ill. ;</subfield><subfield code="c">60 cm.</subfield></datafield><datafield ind1=" " ind2=" " tag="310"><subfield code="a">Weekly,</subfield><subfield code="b">Sept. 25, 1896-Dec. 28, 1961</subfield></datafield><datafield ind1=" " ind2=" " tag="321"><subfield code="a">Weekly,</subfield><subfield code="b">Oct. 13, 1877-Apr. 21, 1896</subfield></datafield><datafield ind1=" " ind2=" " tag="321"><subfield code="a">Semiweekly,</subfield><subfield code="b">Apr. 28-Sept. 18, 1896</subfield></datafield><datafield ind1="0" ind2=" " tag="362"><subfield code="a">Vol. 6, no. 22 (Oct. 13, 1877)-v. 90, no. 39 (Dec. 28, 1961).</subfield></datafield><datafield ind1=" " ind2=" " tag="500"><subfield code="a">Publisher varies.</subfield></datafield><datafield ind1=" " ind2=" " tag="500"><subfield code="a">"Republican."</subfield></datafield><datafield ind1=" " ind2=" " tag="525"><subfield code="a">Supplements included.</subfield></datafield><datafield ind1=" " ind2=" " tag="580"><subfield code="a">Issued also in daily edition called: Beloit daily gazette, Mar. 19, 1910-Dec. 9, 1911.</subfield></datafield><datafield ind1=" " ind2=" " tag="752"><subfield code="a">United States</subfield><subfield code="b">Kansas</subfield><subfield code="c">Mitchell</subfield><subfield code="d">Beloit.</subfield></datafield><datafield ind1="1" ind2=" " tag="775"><subfield code="t">Beloit daily gazette</subfield><subfield code="w">(DLC)sn 85030335</subfield></datafield><datafield ind1="0" ind2="0" tag="780"><subfield code="t">Gazette (Beloit, Kan.)</subfield><subfield code="w">(DLC)sn 85030337</subfield></datafield><datafield ind1="0" ind2="5" tag="780"><subfield code="t">Times (Cawker City, Kan.)</subfield><subfield code="g">Aug. 30, 1894</subfield><subfield code="w">(DLC)sn 85030367</subfield></datafield><datafield ind1="0" ind2="5" tag="780"><subfield code="t">Beloit weekly times</subfield><subfield code="b">Aug. 5, 1909</subfield><subfield code="w">(DLC)sn 85030357</subfield></datafield><datafield ind1="0" ind2="5" tag="780"><subfield code="t">Beloit daily gazette</subfield><subfield code="g">Dec. 9, 1911</subfield><subfield code="w">(DLC)sn 85030335</subfield></datafield><datafield ind1="0" ind2="5" tag="780"><subfield code="t">Scottsville news</subfield><subfield code="g">Dec. 5, 1929</subfield><subfield code="w">(DLC)sn 85030506</subfield></datafield><datafield ind1="0" ind2="5" tag="780"><subfield code="t">Cawker City news</subfield><subfield code="g">Oct. 10, 1935</subfield><subfield code="w">(DLC)sn 85030512</subfield></datafield><datafield ind1="0" ind2="7" tag="785"><subfield code="t">Beloit daily call (Beloit, Kan. : Weekly)</subfield><subfield code="w">(DLC)sn 85030358</subfield></datafield><datafield ind1="0" ind2="7" tag="785"><subfield code="t">Beloit daily call and weekly call-gazette</subfield><subfield code="w">(DLC)sn 85030349</subfield></datafield></record>